@article{kedem1986spectral,
    author = {Kedem, Benjamin},
    title = {Spectral analysis and discrimination by zero-crossings},
    journal = {Proceedings of the IEEE},
    volume = {74},
    number = {11},
    pages = {1477--1493},
    year = {1986},
    publisher = {IEEE}
}

@inproceedings{bachu2010voiced,
    author = {Bachu, R. G. and Kopparthi, S. and Adapa, B. and Barkana, B. D.},
    title = {Voiced/Unvoiced Decision for Speech Signals Based on Zero-Crossing Rate and Energy},
    booktitle = {Advanced Techniques in Computing Sciences and Software Engineering},
    pages = {279--282},
    year = {2010},
    publisher = {Springer}
}

@article{noll1967cepstrum,
    author = {Noll, A. Michael},
    title = {Cepstrum pitch determination},
    journal = {The Journal of the Acoustical Society of America},
    volume = {41},
    number = {2},
    pages = {293--309},
    year = {1967},
    publisher = {Acoustical Society of America}
}

@article{furui1986speaker,
    author = {Furui, Sadaoki},
    title = {Speaker-independent isolated word recognition using dynamic features of speech spectrum},
    journal = {IEEE Transactions on Acoustics, Speech, and Signal Processing},
    volume = {34},
    number = {1},
    pages = {52--59},
    year = {1986},
    publisher = {IEEE}
}

@inproceedings{kumar2011delta,
    author = {Kumar, Kantapon and Kim, Chanwoo and Stern, Richard M.},
    title = {Delta-spectral cepstral coefficients for robust speech recognition},
    booktitle = {IEEE International Conference on Acoustics, Speech and Signal Processing (ICASSP)},
    pages = {4784--4787},
    year = {2011},
    organization = {IEEE}
}